<record><leader>00000cas a22000007a 4500</leader><controlfield tag="001">17277850</controlfield><controlfield tag="008">871222d19041934ohuwr ne      0    0eng d</controlfield><datafield ind1=" " ind2=" " tag="010"><subfield code="a">sn 87075278 </subfield></datafield><datafield ind1=" " ind2=" " tag="040"><subfield code="a">ONP</subfield><subfield code="b">eng</subfield><subfield code="c">ONP</subfield><subfield code="d">OCLCQ</subfield></datafield><datafield ind1=" " ind2=" " tag="042"><subfield code="a">msc</subfield></datafield><datafield ind1="0" ind2="4" tag="082"><subfield code="a">071.771</subfield></datafield><datafield ind1="0" ind2=" " tag="130"><subfield code="a">Republican journal (Caldwell, Ohio)</subfield></datafield><datafield ind1="1" ind2="0" tag="245"><subfield code="a">Republican journal.</subfield></datafield><datafield ind1=" " ind2=" " tag="260"><subfield code="a">Caldwell, Ohio :</subfield><subfield code="b">E.W. Archer,</subfield><subfield code="c">1904-</subfield></datafield><datafield ind1=" " ind2=" " tag="310"><subfield code="a">Weekly,</subfield><subfield code="b">Mar. 30, 1933-Feb. 1934</subfield></datafield><datafield ind1=" " ind2=" " tag="321"><subfield code="a">Weekly,</subfield><subfield code="b">Sept. 7, 1904-Aug. 29, 1928</subfield></datafield><datafield ind1=" " ind2=" " tag="321"><subfield code="a">Triweekly,</subfield><subfield code="b">Sept. 3, 1928-Apr. 3, 1931</subfield></datafield><datafield ind1=" " ind2=" " tag="321"><subfield code="a">Semiweekly,</subfield><subfield code="b">Apr. 7, 1931-Mar. 24, 1933</subfield></datafield><datafield ind1="0" ind2=" " tag="362"><subfield code="a">New ser. vol. 7, no. 6 (Sept. 7, 1904)-</subfield></datafield><datafield ind1="1" ind2=" " tag="362"><subfield code="a">Ceased in Feb. 1934.</subfield></datafield><datafield ind1=" " ind2=" " tag="580"><subfield code="a">Absorbed: Caldwell citizen, May 16, 1917; Caldwell press, Jan. 25, 1934.</subfield></datafield><datafield ind1=" " ind2=" " tag="752"><subfield code="a">United States</subfield><subfield code="b">Ohio</subfield><subfield code="c">Noble</subfield><subfield code="d">Caldwell.</subfield></datafield><datafield ind1="0" ind2="0" tag="780"><subfield code="t">Republican Noble County journal</subfield><subfield code="w">(DLC)sn 87075275</subfield></datafield><datafield ind1="1" ind2="5" tag="780"><subfield code="t">Caldwell citizen</subfield></datafield><datafield ind1="1" ind2="5" tag="780"><subfield code="t">Caldwell press</subfield><subfield code="w">(DLC)sn 85038216</subfield></datafield><datafield ind1="0" ind2="0" tag="785"><subfield code="t">Journal (Caldwell, Ohio)</subfield><subfield code="w">(DLC)sn 87075277</subfield></datafield></record>